<?xml version="1.0" encoding="UTF-8"?><collection xmlns="http://www.loc.gov/MARC21/slim"><record><leader>00483nam--2200181-i-4500</leader><controlfield tag="001">000024811</controlfield><controlfield tag="002">20161230</controlfield><controlfield tag="005">20161230201035</controlfield><controlfield tag="008">060222s1000------------r-----000-0-eng-d</controlfield><datafield ind1=" " ind2=" " tag="040"><subfield code="a">IFIN-HH</subfield></datafield><datafield ind1=" " ind2=" " tag="080"><subfield code="a">53:53.08</subfield></datafield><datafield ind1="1" ind2=" " tag="100"><subfield code="a">Gold, T</subfield></datafield><datafield ind1="1" ind2="0" tag="245"><subfield code="a">The nature of time</subfield><subfield code="c">T. gold, d.l. schumacher (eds.)</subfield></datafield><datafield ind1=" " ind2=" " tag="260"><subfield code="a">Ithaca, New York</subfield><subfield code="b">Cornell Universuty Press</subfield><subfield code="c">1967</subfield></datafield><datafield ind1=" " ind2=" " tag="300"><subfield code="a">XIV + 248 P</subfield></datafield><datafield ind1="1" ind2=" " tag="700"><subfield code="a">Schumacher, D.L</subfield><subfield code="e">Ed</subfield></datafield><datafield ind1=" " ind2=" " tag="852"><subfield code="a">39307</subfield><subfield code="c">53</subfield></datafield><datafield ind1=" " ind2=" " tag="CAT"><subfield code="a">Sys</subfield><subfield code="c">20150316</subfield><subfield code="h">160054</subfield></datafield></record></collection>